<?xml version="1.0" encoding="UTF-8"?><collection xmlns="http://www.loc.gov/MARC21/slim"><record><leader>00337nam--2200133-i-4500</leader><controlfield tag="001">000049062</controlfield><controlfield tag="002">20161230</controlfield><controlfield tag="005">20161230201047</controlfield><controlfield tag="008">060222s1000------------r-----000-0-eng-d</controlfield><datafield ind1=" " ind2=" " tag="080"><subfield code="a">548.4:539.313</subfield></datafield><datafield ind1=" " ind2=" " tag="245"><subfield code="a">Aktualnye voprocy teoriii dislokacii.sbornik statei</subfield></datafield><datafield ind1=" " ind2=" " tag="260"><subfield code="a">Moskva, Mir, 1968. 312 S</subfield></datafield><datafield ind1=" " ind2=" " tag="700"><subfield code="a">A.N.Orlova</subfield></datafield><datafield ind1=" " ind2=" " tag="852"><subfield code="a">75084</subfield></datafield></record></collection>